@article{anderson,
   title={The Sloan Digital Sky Survey: Technical Summary},
   volume={120},
   ISSN={0004-6256},
   url={http://dx.doi.org/10.1086/301513},
   DOI={10.1086/301513},
   number={3},
   journal={The Astronomical Journal},
   publisher={IOP Publishing},
   author={York, Donald G. and Adelman, J. and Anderson, Jr., John E. and Anderson, Scott F. and Annis, James and Bahcall, Neta A. and Bakken, J. A. and Barkhouser, Robert and Bastian, Steven and Berman, Eileen and et al.},
   year={2000},
   month={Sep},
   pages={1579–1587}
}

@article{mandelbaum,
    author = {Mandelbaum, Rachel and Hirata, Christopher M. and Ishak, Mustapha and Seljak, Uroš and Brinkmann, Jonathan},
    title = "{Detection of large-scale intrinsic ellipticity—density correlation from the Sloan Digital Sky Survey and implications for weak lensing surveys}",
    journal = {Monthly Notices of the Royal Astronomical Society},
    volume = {367},
    number = {2},
    pages = {611-626},
    year = {2006},
    month = {04},
    issn = {0035-8711},
    doi = {10.1111/j.1365-2966.2005.09946.x},
    url = {https://doi.org/10.1111/j.1365-2966.2005.09946.x},
    eprint = {https://academic.oup.com/mnras/article-pdf/367/2/611/3301528/367-2-611.pdf},
}

@article{Eisenstein2005,
   title={Detection of the Baryon Acoustic Peak in the Large‐Scale Correlation Function of SDSS Luminous Red Galaxies},
   volume={633},
   ISSN={1538-4357},
   url={http://dx.doi.org/10.1086/466512},
   DOI={10.1086/466512},
   number={2},
   journal={The Astrophysical Journal},
   publisher={IOP Publishing},
   author={Eisenstein, Daniel J. and Zehavi, Idit and Hogg, David W. and Scoccimarro, Roman and Blanton, Michael R. and Nichol, Robert C. and Scranton, Ryan and Seo, Hee‐Jong and Tegmark, Max and Zheng, Zheng and et al.},
   year={2005},
   month={Nov},
   pages={560–574}
}

@article{kazin,
   title={THE BARYONIC ACOUSTIC FEATURE AND LARGE-SCALE CLUSTERING IN THE SLOAN DIGITAL SKY SURVEY LUMINOUS RED GALAXY SAMPLE},
   volume={710},
   ISSN={1538-4357},
   url={http://dx.doi.org/10.1088/0004-637X/710/2/1444},
   DOI={10.1088/0004-637x/710/2/1444},
   number={2},
   journal={The Astrophysical Journal},
   publisher={IOP Publishing},
   author={Kazin, Eyal A. and Blanton, Michael R. and Scoccimarro, Román and McBride, Cameron K. and Berlind, Andreas A. and Bahcall, Neta A. and Brinkmann, Jon and Czarapata, Paul and Frieman, Joshua A. and Kent, Stephen M. and et al.},
   year={2010},
   month={Feb},
   pages={1444–1461}
}

@article{cabre,
    author = "Cabre, Anna and Gaztanaga, Enrique",
    title = "{Clustering of luminous red galaxies I: large scale redshift space distortions}",
    eprint = "0807.2460",
    archivePrefix = "arXiv",
    primaryClass = "astro-ph",
    doi = "10.1111/j.1365-2966.2008.14281.x",
    journal = "Mon. Not. Roy. Astron. Soc.",
    volume = "393",
    pages = "1183--1208",
    year = "2009"
}

@article{reid,
    author = {Beth A. Reid and David N. Spergel and Paul Bode},
	title = "{Luminous Red Galaxy Halo density field reconstruction and application to large-scale structure measurements}",	
    doi = {10.1088/0004-637x/702/1/249},
	url = {https://doi.org/10.1088%2F0004-637x%2F702%2F1%2F249},
    journal = {The Astrophysical Journal},
    publisher = {{IOP Publishing},
    number = {1},
    volume = {702},
    pages = {249--265},
    month = {aug},
	year = "2009",	
}

@article{samushia,
    author = {Samushia, L. and Percival, W. J. and Raccanelli, A.},
    title = "{Interpreting large-scale redshift-space distortion measurements}",
    journal = {Monthly Notices of the Royal Astronomical Society},
    volume = {420},
    number = {3},
    pages = {2102-2119},
    year = {2012},
    month = {02},
    issn = {0035-8711},
    doi = {10.1111/j.1365-2966.2011.20169.x},
    url = {https://doi.org/10.1111/j.1365-2966.2011.20169.x},
    eprint = {https://academic.oup.com/mnras/article-pdf/420/3/2102/3011995/mnras0420-2102.pdf},
}

@article{sawangwit,
   title={Angular correlation function of 1.5 million luminous red galaxies: clustering evolution and a search for baryon acoustic oscillations},
   volume={416},
   ISSN={0035-8711},
   url={http://dx.doi.org/10.1111/j.1365-2966.2011.19251.x},
   DOI={10.1111/j.1365-2966.2011.19251.x},
   number={4},
   journal={Monthly Notices of the Royal Astronomical Society},
   publisher={Oxford University Press (OUP)},
   author={Sawangwit, U. and Shanks, T. and Abdalla, F. B. and Cannon, R. D. and Croom, S. M. and Edge, A. C. and Ross, Nicholas P. and Wake, D. A.},
   year={2011},
   month={Aug},
   pages={3033–3056}
}

@article{strauss,
	doi = {10.1086/342343},
	url = {https://doi.org/10.1086%2F342343},
	year = 2002,
	month = {sep},
	publisher = {{IOP} Publishing},
	volume = {124},
	number = {3},
	pages = {1810--1824},
	author = {Michael A. Strauss and David H. Weinberg and Robert H. Lupton and Vijay K. Narayanan and James Annis and Mariangela Bernardi and Michael Blanton and Scott Burles and A. J. Connolly and Julianne Dalcanton and Mamoru Doi and Daniel Eisenstein and Joshua A. Frieman and Masataka Fukugita and James E. Gunn and {\v{Z}}eljko Ivezi{\'{c}} and Stephen Kent and Rita S. J. Kim and G. R. Knapp and Richard G. Kron and Jeffrey A. Munn and Heidi Jo Newberg and R. C. Nichol and Sadanori Okamura and Thomas R. Quinn and Michael W. Richmond and David J. Schlegel and Kazuhiro Shimasaku and Mark SubbaRao and Alexander S. Szalay and Dan Vanden Berk and Michael S. Vogeley and Brian Yanny and Naoki Yasuda and Donald G. York and Idit Zehavi},
	title = {Spectroscopic Target Selection in the Sloan Digital Sky Survey: The Main Galaxy Sample},
	journal = {The Astronomical Journal},
}

@ARTICLE{landy,
       author = {{Landy}, Stephen D. and {Szalay}, Alexander S.},
        title = "{Bias and Variance of Angular Correlation Functions}",
      journal = {\apj},
     keywords = {Angular Correlation, Bias, Computational Astrophysics, Galactic Clusters, Variance, Correlation Coefficients, Monte Carlo Method, Random Variables, Astrophysics, GALAXIES: CLUSTERING, METHODS: NUMERICAL},
         year = 1993,
        month = jul,
       volume = {412},
        pages = {64},
          doi = {10.1086/172900},
       adsurl = {https://ui.adsabs.harvard.edu/abs/1993ApJ...412...64L},
      adsnote = {Provided by the SAO/NASA Astrophysics Data System},
}

@article{Zheng_2009,
	doi = {10.1088/0004-637x/707/1/554},
	url = {https://doi.org/10.1088%2F0004-637x%2F707%2F1%2F554},
	year = 2009,
	month = {nov},
	publisher = {{IOP} Publishing},
	volume = {707},
	number = {1},
	pages = {554--572},
	author = {Zheng Zheng and Idit Zehavi and Daniel J. Eisenstein and David H. Weinberg and Y. P. Jing},
	title = {{HALO} {OCCUPATION} {DISTRIBUTION} {MODELING} {OF} {CLUSTERING} {OF} {LUMINOUS} {RED} {GALAXIES}},
	journal = {The Astrophysical Journal},
}

@ARTICLE{2003MNRAS.341.1311S,
       author = {{Smith}, R.~E. and {Peacock}, J.~A. and {Jenkins}, A. and
         {White}, S.~D.~M. and {Frenk}, C.~S. and {Pearce}, F.~R. and
         {Thomas}, P.~A. and {Efstathiou}, G. and {Couchman}, H.~M.~P.},
        title = "{Stable clustering, the halo model and non-linear cosmological power spectra}",
      journal = {\mnras},
     keywords = {methods: N-body simulations, cosmology: theory, large-scale structure of Universe, Astrophysics},
         year = 2003,
        month = jun,
       volume = {341},
       number = {4},
        pages = {1311-1332},
          doi = {10.1046/j.1365-8711.2003.06503.x},
archivePrefix = {arXiv},
       eprint = {astro-ph/0207664},
 primaryClass = {astro-ph},
       adsurl = {https://ui.adsabs.harvard.edu/abs/2003MNRAS.341.1311S},
      adsnote = {Provided by the SAO/NASA Astrophysics Data System}
}

